@online{code,
    author = {Popovic Milutin},
    title = {Git Instance, Tensor Methods for Data Science an Scientific Computing},
    urldate = {2021-24-10},
    url = {git://popovic.xyz/tensor_methods.git},
}
@misc{survey,
      title={Literature survey on low rank approximation of matrices},
      author={N. Kishore Kumar and Jan Shneider},
      year={2016},
      eprint={1606.06511},
      archivePrefix={arXiv},
      primaryClass={math.NA}
}

@online{maxvol,
    author = {JuliaHub},
    title = {Maxvol},
    urldate = {2021-24-10},
    url = {https://juliahub.com/ui/Packages/Maxvol/BOc7T/1.0.0},
}

@article{error-cross,
author = {Goreinov, Sergei and Tyrtyshnikov, E.},
year = {2011},
month = {06},
pages = {374-375},
title = {Quasioptimality of Skeleton Approximation of a Matrix in the Chebyshev Norm},
volume = {83},
journal = {Doklady Mathematics - DOKL MATH},
doi = {10.1134/S1064562411030355}
}
