@online{code,
    author = {Popovic Milutin},
    title = {Git Instance, Tensor Methods for Data Science and Scientific Computing},
    urldate = {2021-24-10},
    url = {git://popovic.xyz/tensor_methods.git},
}
